@article{trans_in_dist_sys,
      author		= {Sudheer R. Mantena},
      title		= {Transparency in Distributed Systems},
      publisher		= {University of Texas Arlington},
      note		= {(Course published)}
}